@inproceedings{leone2013optimizing,
  title={Optimizing qos in wireless sensors networks using a caching platform},
  author={Leone, R{\'e}my and Medagliani, Paolo and Leguay, J{\'e}r{\'e}mie},
  booktitle={Sensornets 2013},
  pages={56},
  year={2013}
}

@incollection{leone2014demo,
  title={Demo Abstract: MakeSenseâ€”Managing Reproducible WSNs Experiments},
  author={L{\'e}one, R{\'e}my and Leguay, J{\'e}r{\'e}mie and Medagliani, Paolo and Chaudet, Claude},
  booktitle={Real-World Wireless Sensor Networks},
  pages={65--71},
  year={2014},
  publisher={Springer}
}

@article{leone2013optimisation,
  title={Optimisation de la qualit{\'e} de service par l'utilisation de m{\'e}moire cache},
  author={L{\'e}one, R{\'e}my and Medagliani, Paolo and Leguay, J{\'e}r{\'e}mie and others},
  journal={15{\`e}mes Rencontres Francophones sur les Aspects Algorithmiques des T{\'e}l{\'e}communications (AlgoTel)},
  pages={1--4},
  year={2013}
}

@article{leone2013makesense,
  title={MakeSense: Managing Reproducible WSNs Experiments},
  author={Leone, R{\'e}my and Leguay, Jeremie and Medagliani, Paolo and Chaudet, Claude and others},
  journal={Fifth Workshop on Real-World Wireless Sensor Networks},
  year={2013}
}

@article{cirani2014scalable,
  title={A scalable and self-configuring architecture for service discovery in the internet of things},
  author={Cirani, Simone and Davoli, Luca and Ferrari, Giorgio and L{\'e}one, R{\'e}my and Medagliani, Paolo and Picone, Marco and Veltri, Luca},
  journal={Internet of Things Journal, IEEE},
  volume={1},
  number={5},
  pages={508--521},
  year={2014},
  publisher={IEEE}
}

@inproceedings{leone2015tee,
  title={Tee: Traffic-based Energy Estimators for duty cycled Wireless Sensor Networks},
  author={L{\'e}one, R{\'e}my and Leguay, J{\'e}r{\'e}mie and Medagliani, Paolo and Chaudet, Claude},
  booktitle={ICC 2015}
}

@inproceedings{leone2015demo,
  title={Demo Abstract: Automating WSN experiments and simulations},
  author={L{\'e}one, R{\'e}my and Leguay, J{\'e}r{\'e}mie and Medagliani, Paolo and Chaudet, Claude},
  booktitle={EWSN 2015}
}

@inproceedings{boubekeur2015bounding,
  title={Bounding Degrees on RPL},
  author={Boubekeur, Fadwa and Blin, L{\'e}lia and Leone, Remy and Medagliani, Paolo},
  booktitle={Proceedings of the 11th ACM Symposium on QoS and Security for Wireless and Mobile Networks},
  pages={123--130},
  year={2015},
  organization={ACM}
}

@inproceedings{brun2016not,
  title={(Not so) intuitive results from a smart agriculture low-power wireless mesh deployment},
  author={Brun-Laguna, Keoma and Diedrichs, Ana Laura and Dujovne, Diego and L{\'e}one, R{\'e}my and Vilajosana, Xavier and Watteyne, Thomas},
  booktitle={Proceedings of the Eleventh ACM Workshop on Challenged Networks},
  pages={25--30},
  year={2016},
  organization={ACM}
}

@inproceedings{leone2016technical,
  title={Technical Overview of F-Interop},
  author={Leone, R{\'e}my and Sismondi, Federico and Watteyne, Thomas and Viho, C{\'e}sar},
  booktitle={Conference on Interoperability in IoT (InterIoT)},
  year={2016}
}
